<?xml version="1.0" encoding="UTF-8"?><collection xmlns="http://www.loc.gov/MARC21/slim"><record><leader>00438nam--2200145-i-4500</leader><controlfield tag="001">000036956</controlfield><controlfield tag="002">20161230</controlfield><controlfield tag="005">20170113184207</controlfield><controlfield tag="008">060222s1000------------r-----000-0-eng-d</controlfield><datafield ind1=" " ind2=" " tag="080"><subfield code="a">621.01.006(088)</subfield></datafield><datafield ind1=" " ind2=" " tag="245"><subfield code="a">Produse si tehnologii noi, automatizari, mecanizari si automatizari in unitatile M.I.C.M. in semestrul I: 1980 (6ptn)</subfield></datafield><datafield ind1=" " ind2=" " tag="260"><subfield code="a">Bucuresti</subfield><subfield code="b">Oidmicm</subfield><subfield code="c">1979</subfield></datafield><datafield ind1=" " ind2=" " tag="300"><subfield code="a">81 p</subfield></datafield><datafield ind1=" " ind2=" " tag="852"><subfield code="a">D.2149</subfield></datafield><datafield ind1=" " ind2=" " tag="CAT"><subfield code="a">SYS</subfield><subfield code="c">20170113</subfield><subfield code="h">184207</subfield></datafield></record></collection>